<?xml version="1.0" encoding="UTF-8"?><collection xmlns="http://www.loc.gov/MARC21/slim"><record><leader>00509nam--2200181-i-4500</leader><controlfield tag="001">000041091</controlfield><controlfield tag="002">20161230</controlfield><controlfield tag="005">20161230201043</controlfield><controlfield tag="008">060222s1000------------r-----000-0-eng-d</controlfield><datafield ind1=" " ind2=" " tag="040"><subfield code="a">IFIN-HH</subfield></datafield><datafield ind1=" " ind2=" " tag="080"><subfield code="a">533.6.015.5</subfield></datafield><datafield ind1="1" ind2=" " tag="100"><subfield code="a">Sears, W.R</subfield></datafield><datafield ind1="1" ind2="0" tag="245"><subfield code="a">General theory of high speed aerodynamics</subfield><subfield code="c">W.R. Sears (Ed.)</subfield></datafield><datafield ind1=" " ind2=" " tag="260"><subfield code="a">New Jersey, Princeton. 1954,</subfield></datafield><datafield ind1=" " ind2=" " tag="300"><subfield code="a">XVI+758P</subfield></datafield><datafield ind1=" " ind2=" " tag="490"><subfield code="a">High Speed Aerodynamics and Jet Propulsion</subfield><subfield code="v">vol. VI</subfield></datafield><datafield ind1=" " ind2=" " tag="852"><subfield code="a">10542</subfield><subfield code="c">533.6</subfield></datafield><datafield ind1=" " ind2=" " tag="CAT"><subfield code="a">Sys</subfield><subfield code="c">20100906</subfield><subfield code="h">100449</subfield></datafield></record></collection>